<?xml version="1.0" encoding="UTF-8"?><collection xmlns="http://www.loc.gov/MARC21/slim"><record><leader>00434nam--2200133-i-4500</leader><controlfield tag="001">000010785</controlfield><controlfield tag="002">20161230</controlfield><controlfield tag="005">20161230201028</controlfield><controlfield tag="008">060222s1000------------r-----000-0-eng-d</controlfield><datafield ind1=" " ind2=" " tag="080"><subfield code="a">547(021)</subfield></datafield><datafield ind1=" " ind2=" " tag="100"><subfield code="a">Boit, Hans G. Und Richter, Friedrich</subfield></datafield><datafield ind1=" " ind2=" " tag="245"><subfield code="a">Beilsteins handbuch der organischen chemie vie rte auflage. drittes erganzungswerk die litera tur von 1930-1949. umfassend</subfield></datafield><datafield ind1=" " ind2=" " tag="260"><subfield code="a">Berlin, Springer-verlag, 1973</subfield></datafield><datafield ind1=" " ind2=" " tag="852"><subfield code="a">15094</subfield></datafield></record></collection>